
@book{cn1,
  title={{编译原理}},
  author={{Alfred V. Aho and Monica S.Lam and Ravi Sethi and Jeffrey D. Ullman}},
  publisher={{机械工业出版社}},
  year={2009}
}


@misc{cn2,
  title={入门masm32编写简单汇编程序并做具体分析},
  author={{codesfirst}},
  howpublished="\url{https://blog.csdn.net/codes_first/article/details/78279641}"
}
@misc{cn3,
  title={C语言},
  author={ 百度百科},
  howpublished="\url{https://baike.baidu.com/item/c%E8%AF%AD%E8%A8%80}"
}
@misc{cn4,
  title={How does a compiler convert high level programming languages into assembly?},
  author={ Jan Christian Meyer},
  howpublished="\url{http://www.quora.com/Computer-Science/How-does-a-compiler-convert-high-level-programming-languages-into-assembly}"
}
